@article{chay2003impact,
  title={The impact of air pollution on infant mortality: evidence from geographic variation in pollution shocks induced by a recession},
  author={Chay, Kenneth Y and Greenstone, Michael},
  journal={The quarterly journal of economics},
  volume={118},
  number={3},
  pages={1121--1167},
  year={2003},
  publisher={MIT Press}
}

@article{currie2005air,
  title={Air pollution and infant health: what can we learn from California's recent experience?},
  author={Currie, Janet and Neidell, Matthew},
  journal={The Quarterly Journal of Economics},
  volume={120},
  number={3},
  pages={1003--1030},
  year={2005},
  publisher={MIT Press}
  }

@article{currie2009air,
  title={Air pollution and infant health: Lessons from New Jersey},
  author={Currie, Janet and Neidell, Matthew and Schmieder, Johannes F},
  journal={Journal of health economics},
  volume={28},
  number={3},
  pages={688--703},
  year={2009},
  publisher={Elsevier}
}

@article{cox2017socioeconomic,
  title={Socioeconomic and air pollution correlates of adult asthma, heart attack, and stroke risks in the United States, 2010--2013},
  author={Cox Jr, Louis Anthony Tony},
  journal={Environmental Research},
  volume={155},
  pages={92--107},
  year={2017},
  publisher={Elsevier}
}

@article{schlenker2016airports,
  title={Airports, air pollution, and contemporaneous health},
  author={Schlenker, Wolfram and Walker, W Reed},
  journal={The Review of Economic Studies},
  volume={83},
  number={2},
  pages={768--809},
  year={2016},
  publisher={Oxford University Press}
}

@article{deryugina2019mortality,
  title={The mortality and medical costs of air pollution: Evidence from changes in wind direction},
  author={Deryugina, Tatyana and Heutel, Garth and Miller, Nolan H and Molitor, David and Reif, Julian},
  journal={American Economic Review},
  volume={109},
  number={12},
  pages={4178--4219},
  year={2019}
}

@article{lee2011high,
  title={High-PM10 concentration episodes in Seoul, Korea: Background sources and related meteorological conditions},
  author={Lee, Seoyoung and Ho, Chang-Hoi and Choi, Yong-Sang},
  journal={Atmospheric Environment},
  volume={45},
  number={39},
  pages={7240--7247},
  year={2011},
  publisher={Elsevier}
}

@inproceedings{lee2017estimating,
  title={Estimating the effects of the transboundary transport and local emissions of atmospheric pollutants in South Korea during KORUS-AQ campaign},
  author={Lee, Seoyoung and Koo, Ja-Ho and Hong, Jaemin and Choi, Myungje and Kim, Jhoon and Lim, Hyunkwang and Holben, Brent N and Eck, Thomas F and Ahn, Joon-Young and Park, Jeonghoo and others},
  booktitle={AGU Fall Meeting Abstracts},
  volume={2017},
  pages={A13F--2136},
  year={2017}
}

@book{national2010global,
  title={Global sources of local pollution: an assessment of long-range transport of key air pollutants to and from the United States},
  author={{National Research Council}},
  year={2010},
  publisher={National Academies Press}
}

@article{chen2012gaming,
  title={Gaming in air pollution data? Lessons from China},
  author={Chen, Yuyu and Jin, Ginger Zhe and Kumar, Naresh and Shi, Guang},
  journal={The BE Journal of Economic Analysis \& Policy},
  volume={13},
  number={3},
  year={2012},
  publisher={De Gruyter}
}

@article{ghanem2014effortless,
  title={‘Effortless Perfection:’Do Chinese cities manipulate air pollution data?},
  author={Ghanem, Dalia and Zhang, Junjie},
  journal={Journal of Environmental Economics and Management},
  volume={68},
  number={2},
  pages={203--225},
  year={2014},
  publisher={Elsevier}
}

@article{jung2022transboundary,
  title={Transboundary air pollution and health: evidence from East Asia},
  author={Jung, Jaehyun and Choi, Anna and Yoon, Semee},
  journal={Environment and Development Economics},
  volume={27},
  number={2},
  pages={120--144},
  year={2022},
  publisher={Cambridge University Press}
}